@article{deFlorian:1997zj,
    author = "de Florian, D. and Stratmann, M. and Vogelsang, W.",
    title = "{QCD analysis of unpolarized and polarized Lambda baryon production in leading and next-to-leading order}",
    eprint = "hep-ph/9711387",
    archivePrefix = "arXiv",
    reportNumber = "CERN-TH-97-286, DTP-97-106",
    doi = "10.1103/PhysRevD.57.5811",
    journal = "Phys. Rev. D",
    volume = "57",
    pages = "5811--5824",
    year = "1998"
}

@article{Ball:2009qv,
    author = "Ball, Richard D. and Del Debbio, Luigi and Forte, Stefano and Guffanti, Alberto and Latorre, Jose I. and Rojo, Juan and Ubiali, Maria",
    collaboration = "NNPDF",
    title = "{Fitting Parton Distribution Data with Multiplicative Normalization Uncertainties}",
    eprint = "0912.2276",
    archivePrefix = "arXiv",
    primaryClass = "hep-ph",
    reportNumber = "EDINBURGH-2009-22, IFUM-950-FT, FREIBURG-PHENO-09-09, CP3-09-51",
    doi = "10.1007/JHEP05(2010)075",
    journal = "JHEP",
    volume = "05",
    pages = "075",
    year = "2010"
}

@article{DAgostini:1993arp,
    author = "D'Agostini, G.",
    title = "{On the use of the covariance matrix to fit correlated data}",
    reportNumber = "DESY-93-175",
    doi = "10.1016/0168-9002(94)90719-6",
    journal = "Nucl. Instrum. Meth. A",
    volume = "346",
    pages = "306--311",
    year = "1994"
}

@article{Ball:2012wy,
    author = "Ball, Richard D. and others",
    title = "{Parton Distribution Benchmarking with LHC Data}",
    eprint = "1211.5142",
    archivePrefix = "arXiv",
    primaryClass = "hep-ph",
    reportNumber = "CERN-PH-TH-2012-263",
    doi = "10.1007/JHEP04(2013)125",
    journal = "JHEP",
    volume = "04",
    pages = "125",
    year = "2013"
}

@article{Boughezal:2017nla,
    author = "Boughezal, Radja and Guffanti, Alberto and Petriello, Frank and Ubiali, Maria",
    title = "{The impact of the LHC Z-boson transverse momentum data on PDF determinations}",
    eprint = "1705.00343",
    archivePrefix = "arXiv",
    primaryClass = "hep-ph",
    reportNumber = "CAVENDISH-HEP-17-05",
    doi = "10.1007/JHEP07(2017)130",
    journal = "JHEP",
    volume = "07",
    pages = "130",
    year = "2017"
}

@article{Ball:2008by,
    author = "Ball, Richard D. and Del Debbio, Luigi and Forte, Stefano and Guffanti, Alberto and Latorre, Jose I. and Piccione, Andrea and Rojo, Juan and Ubiali, Maria",
    collaboration = "NNPDF",
    title = "{A Determination of parton distributions with faithful uncertainty estimation}",
    eprint = "0808.1231",
    archivePrefix = "arXiv",
    primaryClass = "hep-ph",
    reportNumber = "EDINBURGH-2008-25, IFUM-923-FT, FREIBURG-2008-08",
    doi = "10.1016/j.nuclphysb.2008.09.037",
    journal = "Nucl. Phys. B",
    volume = "809",
    pages = "1--63",
    year = "2009",
    note = "[Erratum: Nucl.Phys.B 816, 293 (2009)]"
}

@article{Ball:2014uwa,
    author = "Ball, Richard D. and others",
    collaboration = "NNPDF",
    title = "{Parton distributions for the LHC Run II}",
    eprint = "1410.8849",
    archivePrefix = "arXiv",
    primaryClass = "hep-ph",
    reportNumber = "EDINBURGH-2014-15, IFUM-1034-FT, CERN-PH-TH-2013-253, OUTP-14-11P, CAVENDISH-HEP-14-11",
    doi = "10.1007/JHEP04(2015)040",
    journal = "JHEP",
    volume = "04",
    pages = "040",
    year = "2015"
}

@article{wiki:xxx,
    author = "Wikipedia contributors",
    title = "{Chi-square distribution --- {Wikipedia}{,} The Free Encyclopedia}",
    year = "2020",
    url = "url{https://en.wikipedia.org/w/index.php?title=Chi-square_distribution&oldid=979585636}"
}